<record xmlns="http://www.loc.gov/MARC21/slim" xmlns:xsi="http://www.w3.org/2001/XMLSchema-instance" xsi:schemaLocation="http://www.loc.gov/MARC21/slim http://www.loc.gov/standards/marcxml/schema/MARC21slim.xsd"><leader>01714nam a2200289   4500</leader><controlfield tag="001">002354683</controlfield><controlfield tag="003">NNU</controlfield><controlfield tag="006">m        d        </controlfield><controlfield tag="007">cr cn |||m|||a</controlfield><controlfield tag="008">140707q19801989ir      o     000 0 ara d</controlfield><datafield ind1=" " ind2=" " tag="040"><subfield code="a">NNU</subfield><subfield code="b">eng</subfield><subfield code="c">NNU</subfield></datafield><datafield ind1=" " ind2=" " tag="066"><subfield code="c">(3</subfield></datafield><datafield ind1=" " ind2=" " tag="090"><subfield code="a">PJ6307</subfield><subfield code="b">.H35 1980</subfield></datafield><datafield ind1="1" ind2=" " tag="100"><subfield code="6">880-01</subfield><subfield code="a">H&#257;shim&#299;, al-Sayyid A&#7717;mad.</subfield></datafield><datafield ind1="1" ind2="3" tag="245"><subfield code="6">880-02</subfield><subfield code="a">al-Qaw&#257;&#699;id al-as&#257;s&#299;yah lil-lughah al-&#699;Arab&#299;yah &#7717;asab manhaj "Matn al-Alf&#299;yah" li-Ibn M&#257;lik wa-khul&#257;&#7779;at al-sharr&#257;&#7717; li-Ibn Hish&#257;m wa-Ibn &#699;Uqayl wa-al-Ashm&#363;n&#299;</subfield><subfield code="h">[electronic resource] /</subfield><subfield code="c">ta&#700;l&#299;f al-Sayyid A&#7717;mad al-H&#257;shim&#299;.</subfield></datafield><datafield ind1=" " ind2=" " tag="260"><subfield code="a">[Tehran? :</subfield><subfield code="b">D&#257;r al-Hijrah,</subfield><subfield code="c">198-?]</subfield></datafield><datafield ind1=" " ind2=" " tag="300"><subfield code="a">online resource (368, 16 p.)</subfield></datafield><datafield ind1=" " ind2=" " tag="500"><subfield code="a">Part of the Arabic Collections Online (ACO) project, contributed by New York Univeristy Libraries.</subfield></datafield><datafield ind1=" " ind2=" " tag="533"><subfield code="a">Electronic reproduction.</subfield><subfield code="b">New York, N.Y. :</subfield><subfield code="c">New York University,</subfield><subfield code="d">2014.</subfield><subfield code="5">NNU</subfield></datafield><datafield ind1=" " ind2="0" tag="650"><subfield code="a">Arabic language</subfield><subfield code="x">Grammar.</subfield></datafield><datafield ind1="2" ind2=" " tag="710"><subfield code="a">New York University.</subfield><subfield code="b">Libraries.</subfield></datafield><datafield ind1="0" ind2=" " tag="730"><subfield code="a">Arabic Collections Online.</subfield></datafield><datafield ind1="0" ind2="8" tag="776"><subfield code="i">Print version:</subfield><subfield code="a">H&#257;shim&#299;, al-Sayyid A&#7717;mad.</subfield><subfield code="t">al-Qaw&#257;&#699;id al-as&#257;s&#299;yah lil-lughah al-&#699;Arab&#299;yah &#7717;asab manhaj "Matn al-Alf&#299;yah" li-Ibn M&#257;lik wa-khul&#257;&#7779;at al-sharr&#257;&#7717; li-Ibn Hish&#257;m wa-Ibn &#699;Uqayl wa-al-Ashm&#363;n&#299;</subfield><subfield code="w">(NNU)002354683</subfield></datafield><datafield ind1="4" ind2="0" tag="856"><subfield code="u">http://hdl.handle.net/2333.1/x95x6cjz</subfield></datafield><datafield ind1="0" ind2=" " tag="880"><subfield code="6">100-01/</subfield><subfield code="a">&#1575;&#1604;&#1587;&#1610;&#1583; &#1571;&#1581;&#1605;&#1583; &#1575;&#1604;&#1607;&#1575;&#1588;&#1605;&#1610;.</subfield></datafield><datafield ind1="1" ind2="2" tag="880"><subfield code="6">245-02/</subfield><subfield code="a">&#1575;&#1604;&#1602;&#1608;&#1575;&#1593;&#1583; &#1575;&#1604;&#1571;&#1587;&#1575;&#1587;&#1610;&#1577; &#1604;&#1604;&#1594;&#1577; &#1575;&#1604;&#1593;&#1585;&#1576;&#1610;&#1577; &#1581;&#1587;&#1576; &#1605;&#1606;&#1607;&#1580; "&#1605;&#1578;&#1606; &#1575;&#1604;&#1575;&#1601;&#1610;&#1577;" &#1604;&#1575;&#1576;&#1606; &#1605;&#1575;&#1604;&#1603; &#1608;&#1582;&#1604;&#1575;&#1589;&#1577; &#1575;&#1604;&#1588;&#1585;&#1575;&#1581; &#1604;&#1575;&#1576;&#1606; &#1607;&#1588;&#1575;&#1605; &#1608;&#1575;&#1576;&#1606; &#1593;&#1602;&#1610;&#1604; &#1608;&#1575;&#1604;&#1571;&#1588;&#1605;&#1608;&#1606;&#1609; /</subfield><subfield code="c">&#1578;&#1571;&#1604;&#1610;&#1601; &#1575;&#1604;&#1587;&#1610;&#1583; &#1571;&#1581;&#1605;&#1583; &#1575;&#1604;&#1607;&#1575;&#1588;&#1605;&#1610;.</subfield></datafield><datafield ind1=" " ind2=" " tag="959"><subfield code="a">NNU</subfield><subfield code="b">WEB</subfield><subfield code="c">GENI</subfield><subfield code="t">0</subfield><subfield code="m">Electronic access</subfield><subfield code="s">01</subfield></datafield></record>